%YAML 1.1
%TAG !u! tag:unity3d.com,2011:
--- !u!1 &609164656245823289
GameObject:
  m_ObjectHideFlags: 0
  m_CorrespondingSourceObject: {fileID: 0}
  m_PrefabInstance: {fileID: 0}
  m_PrefabAsset: {fileID: 0}
  serializedVersion: 6
  m_Component:
  - component: {fileID: 8989876908316239497}
  - component: {fileID: 5183862331674961931}
  - component: {fileID: 2523684595033644611}
  m_Layer: 0
  m_Name: Head Canvas
  m_TagString: Untagged
  m_Icon: {fileID: 0}
  m_NavMeshLayer: 0
  m_StaticEditorFlags: 0
  m_IsActive: 1
--- !u!224 &8989876908316239497
RectTransform:
  m_ObjectHideFlags: 0
  m_CorrespondingSourceObject: {fileID: 0}
  m_PrefabInstance: {fileID: 0}
  m_PrefabAsset: {fileID: 0}
  m_GameObject: {fileID: 609164656245823289}
  m_LocalRotation: {x: 0.842833, y: -0, z: -0, w: 0.5381753}
  m_LocalPosition: {x: 0, y: 0, z: -0.0468}
  m_LocalScale: {x: 0.0009999999, y: 0.0010000004, z: 0.0010000004}
  m_Children:
  - {fileID: 8053943520065657789}
  m_Father: {fileID: 128631962139978915}
  m_RootOrder: 3
  m_LocalEulerAnglesHint: {x: 114.881, y: 0, z: 0}
  m_AnchorMin: {x: 0, y: 0}
  m_AnchorMax: {x: 0, y: 0}
  m_AnchoredPosition: {x: 0.0045, y: 0.0006}
  m_SizeDelta: {x: 64, y: 64}
  m_Pivot: {x: 0.5, y: 0.5}
--- !u!223 &5183862331674961931
Canvas:
  m_ObjectHideFlags: 0
  m_CorrespondingSourceObject: {fileID: 0}
  m_PrefabInstance: {fileID: 0}
  m_PrefabAsset: {fileID: 0}
  m_GameObject: {fileID: 609164656245823289}
  m_Enabled: 1
  serializedVersion: 3
  m_RenderMode: 2
  m_Camera: {fileID: 0}
  m_PlaneDistance: 100
  m_PixelPerfect: 0
  m_ReceivesEvents: 1
  m_OverrideSorting: 0
  m_OverridePixelPerfect: 0
  m_SortingBucketNormalizedSize: 0
  m_AdditionalShaderChannelsFlag: 0
  m_SortingLayerID: 0
  m_SortingOrder: 0
  m_TargetDisplay: 0
--- !u!114 &2523684595033644611
MonoBehaviour:
  m_ObjectHideFlags: 0
  m_CorrespondingSourceObject: {fileID: 0}
  m_PrefabInstance: {fileID: 0}
  m_PrefabAsset: {fileID: 0}
  m_GameObject: {fileID: 609164656245823289}
  m_Enabled: 1
  m_EditorHideFlags: 0
  m_Script: {fileID: 11500000, guid: 0cd44c1031e13a943bb63640046fad76, type: 3}
  m_Name: 
  m_EditorClassIdentifier: 
  m_UiScaleMode: 0
  m_ReferencePixelsPerUnit: 100
  m_ScaleFactor: 1
  m_ReferenceResolution: {x: 800, y: 600}
  m_ScreenMatchMode: 0
  m_MatchWidthOrHeight: 0
  m_PhysicalUnit: 3
  m_FallbackScreenDPI: 96
  m_DefaultSpriteDPI: 96
  m_DynamicPixelsPerUnit: 1
--- !u!1 &3362734876961656528
GameObject:
  m_ObjectHideFlags: 0
  m_CorrespondingSourceObject: {fileID: 0}
  m_PrefabInstance: {fileID: 0}
  m_PrefabAsset: {fileID: 0}
  serializedVersion: 6
  m_Component:
  - component: {fileID: 8743391778085607923}
  - component: {fileID: 1198995268762175570}
  - component: {fileID: 7407229722148035460}
  m_Layer: 0
  m_Name: Minimise Icon
  m_TagString: Untagged
  m_Icon: {fileID: 0}
  m_NavMeshLayer: 0
  m_StaticEditorFlags: 0
  m_IsActive: 1
--- !u!224 &8743391778085607923
RectTransform:
  m_ObjectHideFlags: 0
  m_CorrespondingSourceObject: {fileID: 0}
  m_PrefabInstance: {fileID: 0}
  m_PrefabAsset: {fileID: 0}
  m_GameObject: {fileID: 3362734876961656528}
  m_LocalRotation: {x: 0, y: 0, z: 0, w: 1}
  m_LocalPosition: {x: 0, y: 0, z: 3.4}
  m_LocalScale: {x: 1, y: 1, z: 1}
  m_Children: []
  m_Father: {fileID: 8053943520065657789}
  m_RootOrder: 6
  m_LocalEulerAnglesHint: {x: 0, y: 0, z: 0}
  m_AnchorMin: {x: 0.5, y: 0.5}
  m_AnchorMax: {x: 0.5, y: 0.5}
  m_AnchoredPosition: {x: 34.7, y: -5.1}
  m_SizeDelta: {x: 8, y: 8}
  m_Pivot: {x: 0.5, y: 0.5}
--- !u!222 &1198995268762175570
CanvasRenderer:
  m_ObjectHideFlags: 0
  m_CorrespondingSourceObject: {fileID: 0}
  m_PrefabInstance: {fileID: 0}
  m_PrefabAsset: {fileID: 0}
  m_GameObject: {fileID: 3362734876961656528}
  m_CullTransparentMesh: 0
--- !u!114 &7407229722148035460
MonoBehaviour:
  m_ObjectHideFlags: 0
  m_CorrespondingSourceObject: {fileID: 0}
  m_PrefabInstance: {fileID: 0}
  m_PrefabAsset: {fileID: 0}
  m_GameObject: {fileID: 3362734876961656528}
  m_Enabled: 1
  m_EditorHideFlags: 0
  m_Script: {fileID: 11500000, guid: fe87c0e1cc204ed48ad3b37840f39efc, type: 3}
  m_Name: 
  m_EditorClassIdentifier: 
  m_Material: {fileID: 2100000, guid: cb750e09c79ae1447a5087a2d9cb7550, type: 2}
  m_Color: {r: 1, g: 1, b: 1, a: 1}
  m_RaycastTarget: 1
  m_OnCullStateChanged:
    m_PersistentCalls:
      m_Calls: []
  m_Sprite: {fileID: 21300000, guid: 64f4b534269990643a732489c0ed7e21, type: 3}
  m_Type: 0
  m_PreserveAspect: 0
  m_FillCenter: 1
  m_FillMethod: 4
  m_FillAmount: 1
  m_FillClockwise: 1
  m_FillOrigin: 0
  m_UseSpriteMesh: 0
  m_PixelsPerUnitMultiplier: 1
--- !u!1001 &2511852623258415578
PrefabInstance:
  m_ObjectHideFlags: 0
  serializedVersion: 2
  m_Modification:
    m_TransformParent: {fileID: 8989876908316239497}
    m_Modifications:
    - target: {fileID: 1072916518668387327, guid: 01ea557fe7805984882097c8564d1bd3,
        type: 3}
      propertyPath: m_Name
      value: Left Joystick Label
      objectReference: {fileID: 0}
    - target: {fileID: 5557088252636293735, guid: 01ea557fe7805984882097c8564d1bd3,
        type: 3}
      propertyPath: m_LocalPosition.x
      value: 0
      objectReference: {fileID: 0}
    - target: {fileID: 5557088252636293735, guid: 01ea557fe7805984882097c8564d1bd3,
        type: 3}
      propertyPath: m_LocalPosition.y
      value: 0
      objectReference: {fileID: 0}
    - target: {fileID: 5557088252636293735, guid: 01ea557fe7805984882097c8564d1bd3,
        type: 3}
      propertyPath: m_LocalPosition.z
      value: -7.2
      objectReference: {fileID: 0}
    - target: {fileID: 5557088252636293735, guid: 01ea557fe7805984882097c8564d1bd3,
        type: 3}
      propertyPath: m_LocalRotation.x
      value: 0
      objectReference: {fileID: 0}
    - target: {fileID: 5557088252636293735, guid: 01ea557fe7805984882097c8564d1bd3,
        type: 3}
      propertyPath: m_LocalRotation.y
      value: 0
      objectReference: {fileID: 0}
    - target: {fileID: 5557088252636293735, guid: 01ea557fe7805984882097c8564d1bd3,
        type: 3}
      propertyPath: m_LocalRotation.z
      value: 0
      objectReference: {fileID: 0}
    - target: {fileID: 5557088252636293735, guid: 01ea557fe7805984882097c8564d1bd3,
        type: 3}
      propertyPath: m_LocalRotation.w
      value: 1
      objectReference: {fileID: 0}
    - target: {fileID: 5557088252636293735, guid: 01ea557fe7805984882097c8564d1bd3,
        type: 3}
      propertyPath: m_RootOrder
      value: 0
      objectReference: {fileID: 0}
    - target: {fileID: 5557088252636293735, guid: 01ea557fe7805984882097c8564d1bd3,
        type: 3}
      propertyPath: m_LocalEulerAnglesHint.x
      value: 0
      objectReference: {fileID: 0}
    - target: {fileID: 5557088252636293735, guid: 01ea557fe7805984882097c8564d1bd3,
        type: 3}
      propertyPath: m_LocalEulerAnglesHint.y
      value: 0
      objectReference: {fileID: 0}
    - target: {fileID: 5557088252636293735, guid: 01ea557fe7805984882097c8564d1bd3,
        type: 3}
      propertyPath: m_LocalEulerAnglesHint.z
      value: 0
      objectReference: {fileID: 0}
    - target: {fileID: 5557088252636293735, guid: 01ea557fe7805984882097c8564d1bd3,
        type: 3}
      propertyPath: m_AnchoredPosition.x
      value: -17.5
      objectReference: {fileID: 0}
    - target: {fileID: 5557088252636293735, guid: 01ea557fe7805984882097c8564d1bd3,
        type: 3}
      propertyPath: m_AnchoredPosition.y
      value: 3.5
      objectReference: {fileID: 0}
    - target: {fileID: 5557088252636293735, guid: 01ea557fe7805984882097c8564d1bd3,
        type: 3}
      propertyPath: m_SizeDelta.x
      value: 0
      objectReference: {fileID: 0}
    - target: {fileID: 5557088252636293735, guid: 01ea557fe7805984882097c8564d1bd3,
        type: 3}
      propertyPath: m_SizeDelta.y
      value: 0
      objectReference: {fileID: 0}
    - target: {fileID: 5557088252636293735, guid: 01ea557fe7805984882097c8564d1bd3,
        type: 3}
      propertyPath: m_AnchorMin.x
      value: 0.5
      objectReference: {fileID: 0}
    - target: {fileID: 5557088252636293735, guid: 01ea557fe7805984882097c8564d1bd3,
        type: 3}
      propertyPath: m_AnchorMin.y
      value: 0.5
      objectReference: {fileID: 0}
    - target: {fileID: 5557088252636293735, guid: 01ea557fe7805984882097c8564d1bd3,
        type: 3}
      propertyPath: m_AnchorMax.x
      value: 0.5
      objectReference: {fileID: 0}
    - target: {fileID: 5557088252636293735, guid: 01ea557fe7805984882097c8564d1bd3,
        type: 3}
      propertyPath: m_AnchorMax.y
      value: 0.5
      objectReference: {fileID: 0}
    - target: {fileID: 5557088252636293735, guid: 01ea557fe7805984882097c8564d1bd3,
        type: 3}
      propertyPath: m_Pivot.x
      value: 0.5
      objectReference: {fileID: 0}
    - target: {fileID: 5557088252636293735, guid: 01ea557fe7805984882097c8564d1bd3,
        type: 3}
      propertyPath: m_Pivot.y
      value: 0.5
      objectReference: {fileID: 0}
    - target: {fileID: 543854532371868172, guid: 01ea557fe7805984882097c8564d1bd3,
        type: 3}
      propertyPath: m_SizeDelta.x
      value: 12
      objectReference: {fileID: 0}
    - target: {fileID: 543854532371868172, guid: 01ea557fe7805984882097c8564d1bd3,
        type: 3}
      propertyPath: m_SizeDelta.y
      value: 12
      objectReference: {fileID: 0}
    - target: {fileID: 7548621241668702556, guid: 01ea557fe7805984882097c8564d1bd3,
        type: 3}
      propertyPath: m_SizeDelta.x
      value: 12
      objectReference: {fileID: 0}
    - target: {fileID: 7548621241668702556, guid: 01ea557fe7805984882097c8564d1bd3,
        type: 3}
      propertyPath: m_SizeDelta.y
      value: 12
      objectReference: {fileID: 0}
    - target: {fileID: 6712626806434505518, guid: 01ea557fe7805984882097c8564d1bd3,
        type: 3}
      propertyPath: m_SizeDelta.x
      value: 12
      objectReference: {fileID: 0}
    - target: {fileID: 6712626806434505518, guid: 01ea557fe7805984882097c8564d1bd3,
        type: 3}
      propertyPath: m_SizeDelta.y
      value: 12
      objectReference: {fileID: 0}
    m_RemovedComponents: []
  m_SourcePrefab: {fileID: 100100000, guid: 01ea557fe7805984882097c8564d1bd3, type: 3}
--- !u!224 &8053943520065657789 stripped
RectTransform:
  m_CorrespondingSourceObject: {fileID: 5557088252636293735, guid: 01ea557fe7805984882097c8564d1bd3,
    type: 3}
  m_PrefabInstance: {fileID: 2511852623258415578}
  m_PrefabAsset: {fileID: 0}
--- !u!1001 &6660216828461496159
PrefabInstance:
  m_ObjectHideFlags: 0
  serializedVersion: 2
  m_Modification:
    m_TransformParent: {fileID: 0}
    m_Modifications:
    - target: {fileID: 5158294989934675571, guid: 977be6926046a4a4d80d291d6aaa1244,
        type: 3}
      propertyPath: m_Name
      value: Builder Left Index
      objectReference: {fileID: 0}
    - target: {fileID: 6747845785462496252, guid: 977be6926046a4a4d80d291d6aaa1244,
        type: 3}
      propertyPath: m_LocalPosition.x
      value: 0
      objectReference: {fileID: 0}
    - target: {fileID: 6747845785462496252, guid: 977be6926046a4a4d80d291d6aaa1244,
        type: 3}
      propertyPath: m_LocalPosition.y
      value: 0
      objectReference: {fileID: 0}
    - target: {fileID: 6747845785462496252, guid: 977be6926046a4a4d80d291d6aaa1244,
        type: 3}
      propertyPath: m_LocalPosition.z
      value: 0
      objectReference: {fileID: 0}
    - target: {fileID: 6747845785462496252, guid: 977be6926046a4a4d80d291d6aaa1244,
        type: 3}
      propertyPath: m_LocalRotation.x
      value: 0
      objectReference: {fileID: 0}
    - target: {fileID: 6747845785462496252, guid: 977be6926046a4a4d80d291d6aaa1244,
        type: 3}
      propertyPath: m_LocalRotation.y
      value: 0
      objectReference: {fileID: 0}
    - target: {fileID: 6747845785462496252, guid: 977be6926046a4a4d80d291d6aaa1244,
        type: 3}
      propertyPath: m_LocalRotation.z
      value: 0
      objectReference: {fileID: 0}
    - target: {fileID: 6747845785462496252, guid: 977be6926046a4a4d80d291d6aaa1244,
        type: 3}
      propertyPath: m_LocalRotation.w
      value: 1
      objectReference: {fileID: 0}
    - target: {fileID: 6747845785462496252, guid: 977be6926046a4a4d80d291d6aaa1244,
        type: 3}
      propertyPath: m_RootOrder
      value: 0
      objectReference: {fileID: 0}
    - target: {fileID: 6747845785462496252, guid: 977be6926046a4a4d80d291d6aaa1244,
        type: 3}
      propertyPath: m_LocalEulerAnglesHint.x
      value: 0
      objectReference: {fileID: 0}
    - target: {fileID: 6747845785462496252, guid: 977be6926046a4a4d80d291d6aaa1244,
        type: 3}
      propertyPath: m_LocalEulerAnglesHint.y
      value: 0
      objectReference: {fileID: 0}
    - target: {fileID: 6747845785462496252, guid: 977be6926046a4a4d80d291d6aaa1244,
        type: 3}
      propertyPath: m_LocalEulerAnglesHint.z
      value: 0
      objectReference: {fileID: 0}
    m_RemovedComponents: []
  m_SourcePrefab: {fileID: 100100000, guid: 977be6926046a4a4d80d291d6aaa1244, type: 3}
--- !u!4 &128631962139978915 stripped
Transform:
  m_CorrespondingSourceObject: {fileID: 6747845785462496252, guid: 977be6926046a4a4d80d291d6aaa1244,
    type: 3}
  m_PrefabInstance: {fileID: 6660216828461496159}
  m_PrefabAsset: {fileID: 0}
