%YAML 1.1
%TAG !u! tag:unity3d.com,2011:
--- !u!1 &2440269669823295189
GameObject:
  m_ObjectHideFlags: 0
  m_CorrespondingSourceObject: {fileID: 0}
  m_PrefabInstance: {fileID: 0}
  m_PrefabAsset: {fileID: 0}
  serializedVersion: 6
  m_Component:
  - component: {fileID: 3349549845699143232}
  - component: {fileID: 5435552155385390812}
  - component: {fileID: 197630877360187533}
  m_Layer: 0
  m_Name: Head Canvas
  m_TagString: Untagged
  m_Icon: {fileID: 0}
  m_NavMeshLayer: 0
  m_StaticEditorFlags: 0
  m_IsActive: 1
--- !u!224 &3349549845699143232
RectTransform:
  m_ObjectHideFlags: 0
  m_CorrespondingSourceObject: {fileID: 0}
  m_PrefabInstance: {fileID: 0}
  m_PrefabAsset: {fileID: 0}
  m_GameObject: {fileID: 2440269669823295189}
  m_LocalRotation: {x: 0.84283125, y: -0, z: -0, w: 0.538178}
  m_LocalPosition: {x: 0, y: 0, z: -0.0468}
  m_LocalScale: {x: 0.0009999999, y: 0.0009999997, z: 0.0009999997}
  m_Children:
  - {fileID: 1377422975764167663}
  m_Father: {fileID: 6881119997343141371}
  m_RootOrder: 3
  m_LocalEulerAnglesHint: {x: 114.881, y: -0.000015258789, z: -0.000015258789}
  m_AnchorMin: {x: 0, y: 0}
  m_AnchorMax: {x: 0, y: 0}
  m_AnchoredPosition: {x: -0.0045, y: 0.0006}
  m_SizeDelta: {x: 64, y: 64}
  m_Pivot: {x: 0.5, y: 0.5}
--- !u!223 &5435552155385390812
Canvas:
  m_ObjectHideFlags: 0
  m_CorrespondingSourceObject: {fileID: 0}
  m_PrefabInstance: {fileID: 0}
  m_PrefabAsset: {fileID: 0}
  m_GameObject: {fileID: 2440269669823295189}
  m_Enabled: 1
  serializedVersion: 3
  m_RenderMode: 2
  m_Camera: {fileID: 0}
  m_PlaneDistance: 100
  m_PixelPerfect: 0
  m_ReceivesEvents: 1
  m_OverrideSorting: 0
  m_OverridePixelPerfect: 0
  m_SortingBucketNormalizedSize: 0
  m_AdditionalShaderChannelsFlag: 0
  m_SortingLayerID: 0
  m_SortingOrder: 0
  m_TargetDisplay: 0
--- !u!114 &197630877360187533
MonoBehaviour:
  m_ObjectHideFlags: 0
  m_CorrespondingSourceObject: {fileID: 0}
  m_PrefabInstance: {fileID: 0}
  m_PrefabAsset: {fileID: 0}
  m_GameObject: {fileID: 2440269669823295189}
  m_Enabled: 1
  m_EditorHideFlags: 0
  m_Script: {fileID: 11500000, guid: 0cd44c1031e13a943bb63640046fad76, type: 3}
  m_Name: 
  m_EditorClassIdentifier: 
  m_UiScaleMode: 0
  m_ReferencePixelsPerUnit: 100
  m_ScaleFactor: 1
  m_ReferenceResolution: {x: 800, y: 600}
  m_ScreenMatchMode: 0
  m_MatchWidthOrHeight: 0
  m_PhysicalUnit: 3
  m_FallbackScreenDPI: 96
  m_DefaultSpriteDPI: 96
  m_DynamicPixelsPerUnit: 1
--- !u!1001 &205916346723227143
PrefabInstance:
  m_ObjectHideFlags: 0
  serializedVersion: 2
  m_Modification:
    m_TransformParent: {fileID: 0}
    m_Modifications:
    - target: {fileID: 5158294989934675571, guid: e4f78c2b374903640abba36899d2973f,
        type: 3}
      propertyPath: m_Name
      value: Builder Right Index
      objectReference: {fileID: 0}
    - target: {fileID: 6747845785462496252, guid: e4f78c2b374903640abba36899d2973f,
        type: 3}
      propertyPath: m_LocalPosition.x
      value: 0
      objectReference: {fileID: 0}
    - target: {fileID: 6747845785462496252, guid: e4f78c2b374903640abba36899d2973f,
        type: 3}
      propertyPath: m_LocalPosition.y
      value: 0
      objectReference: {fileID: 0}
    - target: {fileID: 6747845785462496252, guid: e4f78c2b374903640abba36899d2973f,
        type: 3}
      propertyPath: m_LocalPosition.z
      value: 0
      objectReference: {fileID: 0}
    - target: {fileID: 6747845785462496252, guid: e4f78c2b374903640abba36899d2973f,
        type: 3}
      propertyPath: m_LocalRotation.x
      value: 0
      objectReference: {fileID: 0}
    - target: {fileID: 6747845785462496252, guid: e4f78c2b374903640abba36899d2973f,
        type: 3}
      propertyPath: m_LocalRotation.y
      value: 0
      objectReference: {fileID: 0}
    - target: {fileID: 6747845785462496252, guid: e4f78c2b374903640abba36899d2973f,
        type: 3}
      propertyPath: m_LocalRotation.z
      value: 0
      objectReference: {fileID: 0}
    - target: {fileID: 6747845785462496252, guid: e4f78c2b374903640abba36899d2973f,
        type: 3}
      propertyPath: m_LocalRotation.w
      value: 1
      objectReference: {fileID: 0}
    - target: {fileID: 6747845785462496252, guid: e4f78c2b374903640abba36899d2973f,
        type: 3}
      propertyPath: m_RootOrder
      value: 0
      objectReference: {fileID: 0}
    - target: {fileID: 6747845785462496252, guid: e4f78c2b374903640abba36899d2973f,
        type: 3}
      propertyPath: m_LocalEulerAnglesHint.x
      value: 0
      objectReference: {fileID: 0}
    - target: {fileID: 6747845785462496252, guid: e4f78c2b374903640abba36899d2973f,
        type: 3}
      propertyPath: m_LocalEulerAnglesHint.y
      value: 0
      objectReference: {fileID: 0}
    - target: {fileID: 6747845785462496252, guid: e4f78c2b374903640abba36899d2973f,
        type: 3}
      propertyPath: m_LocalEulerAnglesHint.z
      value: 0
      objectReference: {fileID: 0}
    m_RemovedComponents: []
  m_SourcePrefab: {fileID: 100100000, guid: e4f78c2b374903640abba36899d2973f, type: 3}
--- !u!4 &6881119997343141371 stripped
Transform:
  m_CorrespondingSourceObject: {fileID: 6747845785462496252, guid: e4f78c2b374903640abba36899d2973f,
    type: 3}
  m_PrefabInstance: {fileID: 205916346723227143}
  m_PrefabAsset: {fileID: 0}
--- !u!1001 &6774303021074715016
PrefabInstance:
  m_ObjectHideFlags: 0
  serializedVersion: 2
  m_Modification:
    m_TransformParent: {fileID: 3349549845699143232}
    m_Modifications:
    - target: {fileID: 5557088252636293735, guid: a3871c0be1dc07748b1eabbf6429c690,
        type: 3}
      propertyPath: m_LocalPosition.x
      value: 0
      objectReference: {fileID: 0}
    - target: {fileID: 5557088252636293735, guid: a3871c0be1dc07748b1eabbf6429c690,
        type: 3}
      propertyPath: m_LocalPosition.y
      value: 0
      objectReference: {fileID: 0}
    - target: {fileID: 5557088252636293735, guid: a3871c0be1dc07748b1eabbf6429c690,
        type: 3}
      propertyPath: m_LocalPosition.z
      value: -7.2
      objectReference: {fileID: 0}
    - target: {fileID: 5557088252636293735, guid: a3871c0be1dc07748b1eabbf6429c690,
        type: 3}
      propertyPath: m_LocalRotation.x
      value: 0
      objectReference: {fileID: 0}
    - target: {fileID: 5557088252636293735, guid: a3871c0be1dc07748b1eabbf6429c690,
        type: 3}
      propertyPath: m_LocalRotation.y
      value: 0
      objectReference: {fileID: 0}
    - target: {fileID: 5557088252636293735, guid: a3871c0be1dc07748b1eabbf6429c690,
        type: 3}
      propertyPath: m_LocalRotation.z
      value: 0
      objectReference: {fileID: 0}
    - target: {fileID: 5557088252636293735, guid: a3871c0be1dc07748b1eabbf6429c690,
        type: 3}
      propertyPath: m_LocalRotation.w
      value: 1
      objectReference: {fileID: 0}
    - target: {fileID: 5557088252636293735, guid: a3871c0be1dc07748b1eabbf6429c690,
        type: 3}
      propertyPath: m_RootOrder
      value: 0
      objectReference: {fileID: 0}
    - target: {fileID: 5557088252636293735, guid: a3871c0be1dc07748b1eabbf6429c690,
        type: 3}
      propertyPath: m_LocalEulerAnglesHint.x
      value: 0
      objectReference: {fileID: 0}
    - target: {fileID: 5557088252636293735, guid: a3871c0be1dc07748b1eabbf6429c690,
        type: 3}
      propertyPath: m_LocalEulerAnglesHint.y
      value: 0
      objectReference: {fileID: 0}
    - target: {fileID: 5557088252636293735, guid: a3871c0be1dc07748b1eabbf6429c690,
        type: 3}
      propertyPath: m_LocalEulerAnglesHint.z
      value: 0
      objectReference: {fileID: 0}
    - target: {fileID: 5557088252636293735, guid: a3871c0be1dc07748b1eabbf6429c690,
        type: 3}
      propertyPath: m_AnchoredPosition.x
      value: 17.5
      objectReference: {fileID: 0}
    - target: {fileID: 5557088252636293735, guid: a3871c0be1dc07748b1eabbf6429c690,
        type: 3}
      propertyPath: m_AnchoredPosition.y
      value: 3.5
      objectReference: {fileID: 0}
    - target: {fileID: 5557088252636293735, guid: a3871c0be1dc07748b1eabbf6429c690,
        type: 3}
      propertyPath: m_SizeDelta.x
      value: 0
      objectReference: {fileID: 0}
    - target: {fileID: 5557088252636293735, guid: a3871c0be1dc07748b1eabbf6429c690,
        type: 3}
      propertyPath: m_SizeDelta.y
      value: 0
      objectReference: {fileID: 0}
    - target: {fileID: 5557088252636293735, guid: a3871c0be1dc07748b1eabbf6429c690,
        type: 3}
      propertyPath: m_AnchorMin.x
      value: 0.5
      objectReference: {fileID: 0}
    - target: {fileID: 5557088252636293735, guid: a3871c0be1dc07748b1eabbf6429c690,
        type: 3}
      propertyPath: m_AnchorMin.y
      value: 0.5
      objectReference: {fileID: 0}
    - target: {fileID: 5557088252636293735, guid: a3871c0be1dc07748b1eabbf6429c690,
        type: 3}
      propertyPath: m_AnchorMax.x
      value: 0.5
      objectReference: {fileID: 0}
    - target: {fileID: 5557088252636293735, guid: a3871c0be1dc07748b1eabbf6429c690,
        type: 3}
      propertyPath: m_AnchorMax.y
      value: 0.5
      objectReference: {fileID: 0}
    - target: {fileID: 5557088252636293735, guid: a3871c0be1dc07748b1eabbf6429c690,
        type: 3}
      propertyPath: m_Pivot.x
      value: 0.5
      objectReference: {fileID: 0}
    - target: {fileID: 5557088252636293735, guid: a3871c0be1dc07748b1eabbf6429c690,
        type: 3}
      propertyPath: m_Pivot.y
      value: 0.5
      objectReference: {fileID: 0}
    - target: {fileID: 8257879788581990983, guid: a3871c0be1dc07748b1eabbf6429c690,
        type: 3}
      propertyPath: m_SizeDelta.x
      value: 8
      objectReference: {fileID: 0}
    - target: {fileID: 8257879788581990983, guid: a3871c0be1dc07748b1eabbf6429c690,
        type: 3}
      propertyPath: m_SizeDelta.y
      value: 8
      objectReference: {fileID: 0}
    - target: {fileID: 7475244482371059569, guid: a3871c0be1dc07748b1eabbf6429c690,
        type: 3}
      propertyPath: m_SizeDelta.x
      value: 8
      objectReference: {fileID: 0}
    - target: {fileID: 7475244482371059569, guid: a3871c0be1dc07748b1eabbf6429c690,
        type: 3}
      propertyPath: m_SizeDelta.y
      value: 8
      objectReference: {fileID: 0}
    - target: {fileID: 1072916518668387327, guid: a3871c0be1dc07748b1eabbf6429c690,
        type: 3}
      propertyPath: m_Name
      value: Right Joystick Label
      objectReference: {fileID: 0}
    - target: {fileID: 543854532371868172, guid: a3871c0be1dc07748b1eabbf6429c690,
        type: 3}
      propertyPath: m_SizeDelta.x
      value: 12
      objectReference: {fileID: 0}
    - target: {fileID: 543854532371868172, guid: a3871c0be1dc07748b1eabbf6429c690,
        type: 3}
      propertyPath: m_SizeDelta.y
      value: 12
      objectReference: {fileID: 0}
    m_RemovedComponents: []
  m_SourcePrefab: {fileID: 100100000, guid: a3871c0be1dc07748b1eabbf6429c690, type: 3}
--- !u!224 &1377422975764167663 stripped
RectTransform:
  m_CorrespondingSourceObject: {fileID: 5557088252636293735, guid: a3871c0be1dc07748b1eabbf6429c690,
    type: 3}
  m_PrefabInstance: {fileID: 6774303021074715016}
  m_PrefabAsset: {fileID: 0}
